<?xml version="1.0" encoding="UTF-8"?><collection xmlns="http://www.loc.gov/MARC21/slim"><record><leader>00609nam--2200169-i-4500</leader><controlfield tag="001">000015469</controlfield><controlfield tag="002">20161230</controlfield><controlfield tag="005">20170102212424</controlfield><controlfield tag="008">060222s1000------------r-----000-0-eng-d</controlfield><datafield ind1=" " ind2=" " tag="080"><subfield code="a">533.9:537.8(043)</subfield></datafield><datafield ind1="1" ind2=" " tag="100"><subfield code="a">Atanasiu, Calin Vlad</subfield></datafield><datafield ind1="1" ind2="0" tag="245"><subfield code="a">Metode numerice pentru determinarea configuratiilor campurilor electrice si magnetice din instalatiile cu plasma si radiatii</subfield><subfield code="b">Teza</subfield><subfield code="c">Calin Vlad Atanasiu</subfield></datafield><datafield ind1=" " ind2=" " tag="260"><subfield code="a">Bucuresti</subfield><subfield code="b">Comitetul De Stat Pt. Energie Nucleara</subfield><subfield code="c">1985</subfield></datafield><datafield ind1=" " ind2=" " tag="300"><subfield code="a">147 p</subfield></datafield><datafield ind1=" " ind2=" " tag="502"><subfield code="a">Conducator Sttintific: Dr. Ing. George Baciu</subfield></datafield><datafield ind1=" " ind2=" " tag="852"><subfield code="a">72546</subfield><subfield code="c">533.9</subfield></datafield><datafield ind1=" " ind2=" " tag="CAT"><subfield code="a">SYS</subfield><subfield code="c">20170102</subfield><subfield code="h">212424</subfield></datafield></record></collection>